@book{p53,
  title={Molekulare Onkologie: Entstehung, Progression, klinische Aspekte ; 95 Tabellen},
  author={Wagener, C. and M{\"u}ller, O.},
  isbn={9783131035134},
  url={https://books.google.de/books?id=RYJBZFSfx1MC},
  year={2010},
  publisher={Thieme}
}

@book{chip,
  title={Bioanalyitk},
  author={Lottspeich, Engels},
  isbn={978-3-8274-2942-1},
  url={},
  year={2012},
  publisher={Springer}
}

@article{p53-Function,
author = {Sindy Sohr and Kurt Engeland},
title = {The tumor suppressor p53 induces expression of the pregnancy-supporting human chorionic gonadotropin (hCG) CGB7 gene},
journal = {Cell Cycle},
volume = {10},
number = {21},
pages = {3758-3767},
year = {2011},
doi = {10.4161/cc.10.21.17946},
    note ={PMID: 22032922},

URL = { 
        http://dx.doi.org/10.4161/cc.10.21.17946
    
},
eprint = { 
        http://dx.doi.org/10.4161/cc.10.21.17946
    
}

}
