@article{meme,
author = {Timothy L. Bailey and Charles Elkan},
title = {Fitting a mixture model by expectation maximization to discover motifs in biopolymers},
journal = {Proceedings of the Second International Conference on Intelligent Systems for Molecular Biology},
volume = {},
number = {},
pages = {28-36},
year = {1994},
publisher = {AAAI Press},
}

@article{gibbs,
author = {Thompson W and Rouchka EC and Lawrence CE},
title = {Gibbs Recursive Sampler: finding transcription factor binding sites},
journal = {Nucleic Acids Res.},
volume = {31},
number = {13},
pages = {3580-3585},
year = {2003},
publisher = {Oxford Journals},
doi = {10.1093/nar/gkg608},
}

@article{bioinf1,
author = {Nieselt, K. and Huson, D.},
title = {Bioinformatics 1: On sequences, genes, proteinsand genomes},
journal = {University of TÃ¼bingen},
volume = {},
number = {},
pages = {},
year = {2015},
}
